<?xml version="1.0" encoding="UTF-8"?><record xmlns="http://www.loc.gov/MARC21/slim" xmlns:cinclude="http://apache.org/cocoon/include/1.0" xmlns:zs="http://www.loc.gov/zing/srw/">
  <leader>00437cz  a2200133n  4500</leader>
  <controlfield tag="001">n  82154377 </controlfield>
  <controlfield tag="003">DLC</controlfield>
  <controlfield tag="005">20060707052207.0</controlfield>
  <controlfield tag="008">830209n| acannaabn          |n aaa      </controlfield>
  <datafield tag="010" ind1=" " ind2=" ">
    <subfield code="a">n  82154377 </subfield>
    <subfield code="z">n  82156638 </subfield>
  </datafield>
  <datafield tag="035" ind1=" " ind2=" ">
    <subfield code="a">(OCoLC)oca00850379</subfield>
  </datafield>
  <datafield tag="040" ind1=" " ind2=" ">
    <subfield code="a">DLC</subfield>
    <subfield code="b">eng</subfield>
    <subfield code="c">DLC</subfield>
    <subfield code="d">DLC</subfield>
    <subfield code="d">OCoLC</subfield>
  </datafield>
  <datafield tag="100" ind1="1" ind2=" ">
    <subfield code="a">Unwin, Donald J.</subfield>
  </datafield>
  <datafield tag="670" ind1=" " ind2=" ">
    <subfield code="a">Reynolds, J.M. Lab. eval. of hand-op. water pumps for use in devel. countries, 1982 (a.e.)</subfield>
    <subfield code="b">CIP t.p. (Donald J. Unwin)</subfield>
  </datafield>
</record>